@inproceedings{kerbiriou2019parallel,
  title={Parallel decompression of gzip-compressed files and random access to DNA sequences},
  author={Kerbiriou, Ma{\"e}l and Chikhi, Rayan},
  booktitle={2019 IEEE International Parallel and Distributed Processing Symposium Workshops (IPDPSW)},
  pages={209--217},
  year={2019},
  organization={IEEE}
}
