@inproceedings{kerbiriou2019parallel,
  title={Parallel decompression of gzip-compressed files and random access to DNA sequences},
  author={Kerbiriou, Ma{\"e}l and Chikhi, Rayan},
  booktitle={2019 IEEE International Parallel and Distributed Processing Symposium Workshops (IPDPSW)},
  pages={209--217},
  year={2019},
  organization={IEEE}
}

@article{du2021pyfastx,
  title={Pyfastx: a robust Python package for fast random access to sequences from plain and gzipped FASTA/Q files},
  author={Du, Lianming and Liu, Qin and Fan, Zhenxin and Tang, Jie and Zhang, Xiuyue and Price, Megan and Yue, Bisong and Zhao, Kelei},
  journal={Briefings in Bioinformatics},
  volume={22},
  number={4},
  pages={bbaa368},
  year={2021},
  publisher={Oxford University Press}
}

@inproceedings{rajna2015speeding,
  title={Speeding up the file access of large compressed nifti neuroimaging data},
  author={Rajna, Zal{\'a}n and Keskinarkaus, Anja and Kiviniemi, Vesa and Sepp{\"a}nen, Tapio},
  booktitle={2015 37th Annual International Conference of the IEEE Engineering in Medicine and Biology Society (EMBC)},
  pages={654--657},
  year={2015},
  organization={IEEE}
}

@misc{pyfastx,
Note = {\url{https://pyfastx.readthedocs.io/en/latest/}},
Title = {pyfastx},
Year = 2023}

@misc{indexedgzip,
Note = {\url{https://github.com/pauldmccarthy/indexed_gzip}},
Title = {indexed\_gzip},
Year = 2023}

@article{zlib,
  title={zran -- gzip Random Access},
  author={Gailly, Jean-loup and Adler, Mark},
Note = {\url{https://github.com/madler/zlib/}},
  year={2004}
}

@article{zran,
  title={Zlib compression library},
  author={Adler, Mark},
Note = {\url{https://github.com/madler/zlib/blob/master/examples/zran.c}},
  year={2005}
}

@article{sra,
  title="{The Sequence Read Archive}",
  author={Leinonen, Rasko and Sugawara, Hideaki and Shumway, Martin and International Nucleotide Sequence Database Collaboration},
  journal={Nucleic acids research},
  volume={39},
  number={suppl\_1},
  pages={D19--D21},
  year={2010},
  publisher={Oxford University Press}
}
